<?xml version="1.0" encoding="UTF-8"?><record xmlns="http://www.loc.gov/MARC21/slim" xmlns:cinclude="http://apache.org/cocoon/include/1.0" xmlns:zs="http://www.loc.gov/zing/srw/">
  <leader>00570nz  a2200145n  4500</leader>
  <controlfield tag="001">n 2014036898</controlfield>
  <controlfield tag="003">DLC</controlfield>
  <controlfield tag="005">20140624102744.0</controlfield>
  <controlfield tag="008">140624n| azannaabn          |a aaa      </controlfield>
  <datafield tag="010" ind1=" " ind2=" ">
    <subfield code="a">n 2014036898</subfield>
  </datafield>
  <datafield tag="040" ind1=" " ind2=" ">
    <subfield code="a">DLC</subfield>
    <subfield code="b">eng</subfield>
    <subfield code="e">rda</subfield>
    <subfield code="c">DLC</subfield>
  </datafield>
  <datafield tag="100" ind1="1" ind2=" ">
    <subfield code="a">Mann, Wm.T.</subfield>
    <subfield code="q">(William T.)</subfield>
  </datafield>
  <datafield tag="400" ind1="1" ind2=" ">
    <subfield code="a">Mann, William T.</subfield>
  </datafield>
  <datafield tag="670" ind1=" " ind2=" ">
    <subfield code="a">Library of Congress. Catalog of Copyright Entries, viewed online June 24, 2014</subfield>
    <subfield code="b">(Part 3, volume 14, issue 2, page 1351: words by W.T. Mann [of U.S.]; c Sept. 29, 1919; William T. Mann, Cleveland)</subfield>
  </datafield>
  <datafield tag="670" ind1=" " ind2=" ">
    <subfield code="a">Our Red Cross girls, 1919:</subfield>
    <subfield code="b">ms. cover (Wm. T. Mann)</subfield>
  </datafield>
</record>